@BOOK{ImplantandoGTI:2012,
  author ={Agnaldo A. Fernandes AND Vladimir F. Abreu},
  title = {\textbf{Implantando a Governança de TI da Estratégia a gestão dos Processos e Serviços}},
  publisher = {Brasport},
  address ={São Paulo},
  year =2012,
  edition =3
}
@book{PMBOK/PMI:2013,
  author ={Project Management INSTITUTE},
  title = {\textbf{Um Guia do Conhecimento em Gerenciamento de Projetos (Guia PMBOK)}},
  publisher = {Project Management Institute},
  year ={2013},
  edition =5
}
@book{adm,
	author={Patrick J. Montana AND Bruce H. Charnov},
	title={\textbf{Administração}},
	address={São Paulo},
	year={2013}
}
@book{IBGC,
	author = {IBGC},
	year = {2009},
	title = {\textbf{Código das Melhores Práticas de Governança Corporativa}},
	address={São Paulo},
	edition={4}
	}

@article{Schein:1985,
  title={\textbf{Organisational culture and leadership}},
  author={SCHEIN, Edgar H},
  journal={San Francisco},
  year={1985}
}
	
@misc{GTI:TCU,
	author = {TCU},
	title = {{\textbf{Governança de TI para o TCU}}},
	month = {Janeiro},
	url={http://portal2.tcu.gov.br/portal/page/portal/TCU/comunidades/governanca_ti/entendendo_governanca_ti},
	year = {2015},
	note = "Acessado em: 4/1/2015."
	}
	
@misc{SISP,
	author = {SISP},
	title = {{\textbf{Sistema de Administração dos Recursos de Tecnologia da Informação}}},
	url={http://www.governoeletronico.gov.br/sisp-conteudo/index},
	year = {2015},
	note = "Acessado em: 4/1/2015."
	}

@article{Decreto:4.718,
	Author = {GOVERNO, FEDERAL },
	Title = {{\textbf{Estrutura Regimental e o Quadro Demonstrativo da Agência Espacial Brasileira, Decreto: 4.718}}},
	Year = {2003}}

@article{Lei:8.854,
	Author = {GOVERNO, FEDERAL },
	Title = {{\textbf{Criação da Agência Espacial Brasileira, Lei: 8.854}}},
	Year = {1994}
}
	
@conference{Bacen,
		Author = {Marcelo J. O. YARED},
		Organization = {Chefe do Departamento de Tecnologia da Informa{\c c}{\~a}o - Banco Central do Brasil},
		Title = {\textbf{Governança de TI no Banco Central}},
		Year = {2014}}
	
@conference{Caixa,
		Author = {Roberto N. ZAMBON},
		Organization = {Caixa / Diretoria Executiva de TI},
		Title = {\textbf{Governança de TI na CEF}},
		Year = {2014}}

@misc{acordaoTCU,
 Author = {Tribunal de Contas Da União - TCU},
 Title = {\textbf{Acórdão 3.117/2014-TCU-Plenário}},
 Url = {http://www.gestaoti.org/igov/AC_3117_45_14_P.doc},
 Year = {2014},
}
